@online{handbook,
    author = "Valve Corporation",
    title = "Manuel pour les nouveaux employés",
    url = "http://media.steampowered.com/apps/valve/hbook-FR.pdf",
    addendum = "(consulté le 17.05.2021)",
    keywords = "valve,manuel"
}

@online{wikipedia_valve,
    author = "Wikipédia",
    title = "Valve (entreprise)",
    url = "https://fr.wikipedia.org/wiki/Valve_(entreprise)",
    addendum = "(consulté le 17.05.2021)",
    keywords = "wikipedia"
}

@online{theofficialboard,
    author = "The Official Board",
    title = "Valve Corporation",
    url = "https://www.theofficialboard.com/org-chart/valve-corporation",
    addendum = "(consulté le 17.05.2021)",
    keywords = "structure,organization"
}

@online{arstechnica,
    author = "Sam Machkovech",
    title = "Valve secrets spill over - including Half-Life 3 - in new Steam documentary app",
    url = "https://arstechnica.com/gaming/2020/07/valve-secrets-spill-over-including-half-life-3-in-new-steam-documentary-app/",
    addendum = "(consulté le 17.05.2021)",
    keywords = "hierarchie"
}

@online{wikipedia_player_count,
    author = "Wikipédia",
    title = "List of most-played video games by player count",
    url = "https://en.wikipedia.org/wiki/List_of_most-played_video_games_by_player_count",
    addendum = "(consulté le 17.05.2021)",
    keywords = "wikipedia,player,count"
}

@online{steamdb_user_count,
    author = "SteamDB",
    title = "Lifetime concurrent users on Steam",
    url = "https://steamdb.info/app/753/graphs/#chart-year",
    addendum = "(consulté le 17.05.2021)",
    keywords = "steam,steamdb,user,count"
}

@online{epicgames_user_count,
    author = "Epic Games",
    title = "Rétrospective 2020 de l'Epic Games Store",
    url = "https://www.epicgames.com/store/fr/news/epic-games-store-2020-year-in-review?lang=fr",
    addendum = "(consulté le 17.05.2021)",
    keywords = "epic,games,user,count"
}

@online{backlink_epic_user_count,
    author = "Brian Dean",
    title = "Epic Games Store User Statistics For 2021",
    url = "https://backlinko.com/epic-games-users",
    addendum = "(consulté le 17.05.2021)",
    keywords = "epic,games,user,count"
}

@online{turtle_rock_studios,
    author = "Valve",
    title = "Valve Acquires Turtle Rock Studios",
    url = "https://store.steampowered.com/oldnews/1401",
    addendum = "(consulté le 17.05.2021)",
    keywords = "turtle,rock,studio,filiale"
}

@online{star_filled_studios,
    author = "David Hing",
    title = "Valve acquires or hires Star Filled Studios",
    url = "https://www.bit-tech.net/news/gaming/vavle-acquires-or-hires-star-filled-studios/1/",
    addendum = "(consulté le 17.05.2021)",
    keywords = "star,filled,studio,filiale"
}

@online{impulsonic,
    author = "Jamie Feltham",
    title = "Sounds Good: Valve Acquires 3D Audio Company Impulsonic",
    url = "https://uploadvr.com/valve-acquires-3d-audio-company-impulsonic/",
    addendum = "(consulté le 17.05.2021)",
    keywords = "impulsonic,filiale"
}

@online{campo_santo,
    author = "Julia Alexander",
    title = "Valve acquires Firewatch developer, Campo Santo",
    url = "https://www.polygon.com/2018/4/21/17266690/valve-campo-santo-firewatch-steam",
    addendum = "(consulté le 17.05.2021)",
    keywords = "campo,santo,filiale"
}

@online{valve_discout,
    author = "Steamworks Documentation",
    title = "Steam Keys",
    url = "https://partner.steamgames.com/doc/features/keys#3",
    addendum = "(consulté le 17.05.2021)",
    keywords = "valve,discount"
}